<collection xmlns="http://www.loc.gov/MARC21/slim">
<record>
  <leader>03602nam0a2200589 i 450 </leader>
  <controlfield tag="001">IT\ICCU\CNCE\031343</controlfield>
  <controlfield tag="005">20140827000000.0</controlfield>
  <datafield tag="012" ind1=" " ind2=" ">
    <subfield code="a">a.a, a?a: i.hi QuEt (3) 1587 (R)</subfield>
    <subfield code="2">fei</subfield>
  </datafield>
  <datafield tag="100" ind1=" " ind2=" ">
    <subfield code="a">19971203d1587        0itac0103    ba</subfield>
  </datafield>
  <datafield tag="101" ind1=" " ind2=" ">
    <subfield code="a">ITA</subfield>
  </datafield>
  <datafield tag="102" ind1=" " ind2=" ">
    <subfield code="a">IT</subfield>
  </datafield>
  <datafield tag="200" ind1="1" ind2=" ">
    <subfield code="a">℗Le ℗metamorfosi di Ouidio, ridotte da Gio. Andrea dell&apos;Anguillara in ottaua rima, e di nuouo da esso riuedute, et corrette. Con l&apos;annotationi di m. Gioseppe Horologgi, et con gli argomenti di m. Francesco Turchi</subfield>
  </datafield>
  <datafield tag="210" ind1=" " ind2=" ">
    <subfield code="a">In Venetia</subfield>
    <subfield code="c">presso gli heredi di Pietro Deuchino</subfield>
    <subfield code="d">1587</subfield>
    <subfield code="e">In Venetia</subfield>
    <subfield code="g">appresso gli heredi di Pietro Dehuchino</subfield>
    <subfield code="h">1587</subfield>
  </datafield>
  <datafield tag="215" ind1=" " ind2=" ">
    <subfield code="a">199, \1! c.</subfield>
    <subfield code="d">8ʻ</subfield>
  </datafield>
  <datafield tag="620" ind1=" " ind2=" ">
    <subfield code="a">IT</subfield>
    <subfield code="d">Venezia</subfield>
  </datafield>
  <datafield tag="700" ind1=" " ind2="1">
    <subfield code="a">Ovidius Naso,</subfield>
    <subfield code="b">Publius</subfield>
    <subfield code="3">IT\ICCU\CNCA\003076</subfield>
  </datafield>
  <datafield tag="702" ind1=" " ind2="1">
    <subfield code="a">Turchi,</subfield>
    <subfield code="b">Francesco</subfield>
    <subfield code="c"> &lt;trevigiano&gt;</subfield>
    <subfield code="3">IT\ICCU\CNCA\000205</subfield>
  </datafield>
  <datafield tag="702" ind1=" " ind2="1">
    <subfield code="a">Anguillara,</subfield>
    <subfield code="b">Giovanni Andrea : dell&apos;</subfield>
    <subfield code="3">IT\ICCU\CNCA\000259</subfield>
  </datafield>
  <datafield tag="702" ind1=" " ind2="1">
    <subfield code="a">Orologi,</subfield>
    <subfield code="b">Giuseppe</subfield>
    <subfield code="3">IT\ICCU\CNCA\000260</subfield>
  </datafield>
  <datafield tag="712" ind1="0" ind2="0">
    <subfield code="a">Deuchino, Pietro - eredi</subfield>
    <subfield code="3">IT\ICCU\CNCT\000661</subfield>
    <subfield code="4">650</subfield>
  </datafield>
  <datafield tag="790" ind1=" " ind2="0">
    <subfield code="a">Ovidius</subfield>
    <subfield code="3">IT\ICCU\CNCA\022433</subfield>
    <subfield code="z">Ovidius Naso, Publius</subfield>
  </datafield>
  <datafield tag="790" ind1=" " ind2="0">
    <subfield code="a">Publius Ovidius Naso</subfield>
    <subfield code="3">IT\ICCU\CNCA\022434</subfield>
    <subfield code="z">Ovidius Naso, Publius</subfield>
  </datafield>
  <datafield tag="790" ind1=" " ind2="0">
    <subfield code="a">Francesco</subfield>
    <subfield code="c"> : da#Treuigi</subfield>
    <subfield code="3">IT\ICCU\CNCA\015063</subfield>
    <subfield code="z">Turchi, Francesco &lt;trevigiano&gt;</subfield>
  </datafield>
  <datafield tag="790" ind1=" " ind2="0">
    <subfield code="a">Accademico viterbese</subfield>
    <subfield code="3">IT\ICCU\CNCA\029332</subfield>
    <subfield code="z">Turchi, Francesco &lt;trevigiano&gt;</subfield>
  </datafield>
  <datafield tag="790" ind1=" " ind2="1">
    <subfield code="a">Dondi Dall&apos;Orologio,</subfield>
    <subfield code="b">Giuseppe</subfield>
    <subfield code="3">IT\ICCU\CNCA\012592</subfield>
    <subfield code="z">Orologi, Giuseppe</subfield>
  </datafield>
  <datafield tag="790" ind1=" " ind2="1">
    <subfield code="a">Horologgio,</subfield>
    <subfield code="b">Gioseppe</subfield>
    <subfield code="3">IT\ICCU\CNCA\014416</subfield>
    <subfield code="z">Orologi, Giuseppe</subfield>
  </datafield>
  <datafield tag="801" ind1=" " ind2="3">
    <subfield code="a">IT</subfield>
    <subfield code="b">ICCU</subfield>
    <subfield code="c">20201114</subfield>
  </datafield>
  <datafield tag="899" ind1=" " ind2=" ">
    <subfield code="a">Biblioteca provinciale dei Frati minori dell&apos;Emilia. Sezione Biblioteca dell&apos;Osservanza. Bologna</subfield>
    <subfield code="1">BO0336</subfield>
    <subfield code="2">ZBO 41</subfield>
  </datafield>
  <datafield tag="899" ind1=" " ind2=" ">
    <subfield code="a">Biblioteca comunale L. Marineo. Vizzini</subfield>
    <subfield code="1">CT0113</subfield>
    <subfield code="2">ZCT 06</subfield>
  </datafield>
  <datafield tag="899" ind1=" " ind2=" ">
    <subfield code="a">Biblioteca nazionale centrale. Firenze</subfield>
    <subfield code="1">FI0098</subfield>
    <subfield code="2">CFI CF</subfield>
  </datafield>
  <datafield tag="899" ind1=" " ind2=" ">
    <subfield code="a">Biblioteca statale Isontina. Gorizia</subfield>
    <subfield code="1">GO0025</subfield>
    <subfield code="2">TSA BI</subfield>
  </datafield>
  <datafield tag="899" ind1=" " ind2=" ">
    <subfield code="a">Biblioteca comunale Francesco Piccinno. Maglie</subfield>
    <subfield code="z">MUTILO</subfield>
    <subfield code="1">LE0108</subfield>
    <subfield code="2">LEK S5</subfield>
  </datafield>
  <datafield tag="899" ind1=" " ind2=" ">
    <subfield code="a">Biblioteca comunale. Matelica</subfield>
    <subfield code="z">MUTILO</subfield>
    <subfield code="1">MC0053</subfield>
    <subfield code="2">UMC MA</subfield>
  </datafield>
  <datafield tag="899" ind1=" " ind2=" ">
    <subfield code="a">Biblioteca comunale Francesco Antolisei. San Severino Marche</subfield>
    <subfield code="1">MC0075</subfield>
    <subfield code="2">UMC FA</subfield>
  </datafield>
  <datafield tag="899" ind1=" " ind2=" ">
    <subfield code="a">Accademia Georgica. Treia</subfield>
    <subfield code="1">MC0251</subfield>
    <subfield code="2">UMC AG</subfield>
  </datafield>
  <datafield tag="899" ind1=" " ind2=" ">
    <subfield code="a">Biblioteca e Archivio dell&apos;Istituto lombardo Accademia di scienze e lettere. Milano</subfield>
    <subfield code="1">MI0306</subfield>
    <subfield code="2">ZMI 26</subfield>
  </datafield>
  <datafield tag="899" ind1=" " ind2=" ">
    <subfield code="a">Biblioteca comunale Teresiana. Mantova</subfield>
    <subfield code="1">MN0035</subfield>
    <subfield code="2">LO1 12</subfield>
  </datafield>
  <datafield tag="899" ind1=" " ind2=" ">
    <subfield code="a">Biblioteca comunale Carlo Negroni. Novara</subfield>
    <subfield code="1">NO0054</subfield>
    <subfield code="2">TO0 08</subfield>
  </datafield>
  <datafield tag="899" ind1=" " ind2=" ">
    <subfield code="a">Biblioteca Oasis. Perugia</subfield>
    <subfield code="1">PG0149</subfield>
    <subfield code="2">UM1 44</subfield>
  </datafield>
  <datafield tag="899" ind1=" " ind2=" ">
    <subfield code="a">Biblioteca  Panizzi. Reggio Emilia</subfield>
    <subfield code="1">RE0052</subfield>
    <subfield code="2">RE2 PA</subfield>
  </datafield>
  <datafield tag="899" ind1=" " ind2=" ">
    <subfield code="a">Biblioteca della Fondazione Marco Besso. Roma</subfield>
    <subfield code="1">RM0211</subfield>
    <subfield code="2">RML 14</subfield>
  </datafield>
  <datafield tag="899" ind1=" " ind2=" ">
    <subfield code="a">Biblioteca civica Girolamo Tartarotti. Rovereto</subfield>
    <subfield code="1">TN0103</subfield>
    <subfield code="2">ZTN 08</subfield>
  </datafield>
  <datafield tag="899" ind1=" " ind2=" ">
    <subfield code="a">Biblioteca civica Costantino Nigra. Ivrea</subfield>
    <subfield code="1">TO0112</subfield>
    <subfield code="2">TO0 54</subfield>
  </datafield>
  <datafield tag="899" ind1=" " ind2=" ">
    <subfield code="a">Biblioteca valdese e Biblioteca della Societ ̉di studi valdesi. Torrepellice</subfield>
    <subfield code="1">TO0397</subfield>
    <subfield code="2">TO0 82</subfield>
  </datafield>
  <datafield tag="899" ind1=" " ind2=" ">
    <subfield code="a">Biblioteca civica Luigi Majno. Gallarate</subfield>
    <subfield code="1">VA0059</subfield>
    <subfield code="2">LO1 07</subfield>
  </datafield>
  <datafield tag="899" ind1=" " ind2=" ">
    <subfield code="a">Biblioteca Querini Stampalia. Venezia</subfield>
    <subfield code="1">VE0047</subfield>
    <subfield code="2">VEA QS</subfield>
  </datafield>
  <datafield tag="899" ind1=" " ind2=" ">
    <subfield code="a">Biblioteca nazionale Marciana. Venezia</subfield>
    <subfield code="1">VE0049</subfield>
    <subfield code="2">VEA BM</subfield>
  </datafield>
  <datafield tag="899" ind1=" " ind2=" ">
    <subfield code="a">Biblioteca del Seminario vescovile. Vicenza</subfield>
    <subfield code="1">VI0101</subfield>
    <subfield code="2">PBE D1</subfield>
  </datafield>
  <datafield tag="899" ind1=" " ind2=" ">
    <subfield code="a">Biblioteca capitolare. Verona</subfield>
    <subfield code="1">VR0056</subfield>
    <subfield code="2">VIA VC</subfield>
  </datafield>
  <datafield tag="899" ind1=" " ind2=" ">
    <subfield code="a">Biblioteca civica. Verona</subfield>
    <subfield code="z">MUTILO</subfield>
    <subfield code="1">VR0059</subfield>
    <subfield code="2">ZVR 02</subfield>
  </datafield>
  <datafield tag="911" ind1=" " ind2=" ">
    <subfield code="a">sul front.</subfield>
    <subfield code="9">IT\ICCU\CNCM\000453</subfield>
  </datafield>
  <datafield tag="921" ind1=" " ind2=" ">
    <subfield code="a">IT\ICCU\CNCM\000453</subfield>
    <subfield code="b">Due ancore unite da nastro. In alto, in ovale inserito nella cornice, tre gigli.</subfield>
    <subfield code="e">1) His sufulta; 2) Sic inclita virtus.</subfield>
    <subfield code="c">Z69</subfield>
    <subfield code="d">Dimensioni: 2,5 x 3,1</subfield>
    <subfield code="f">ANCORA</subfield>
    <subfield code="f">GIGLIO</subfield>
    <subfield code="f">HISSUFULTA</subfield>
    <subfield code="f">NASTRO</subfield>
    <subfield code="f">SICINCLITA</subfield>
    <subfield code="g">1581-1600</subfield>
  </datafield>
</record>
</collection>
